<record><leader>00000cas a22000007a 4500</leader><controlfield tag="001">30065672</controlfield><controlfield tag="008">940401d19811984mouwr ne      0    0eng d</controlfield><datafield ind1=" " ind2=" " tag="010"><subfield code="a">sn 93060444 </subfield></datafield><datafield ind1=" " ind2=" " tag="040"><subfield code="a">MQN</subfield><subfield code="b">eng</subfield><subfield code="c">MQN</subfield><subfield code="d">OCLCQ</subfield><subfield code="d">OCLCF</subfield><subfield code="d">OCLCO</subfield></datafield><datafield ind1="1" ind2=" " tag="029"><subfield code="a">AU@</subfield><subfield code="b">000025867052</subfield></datafield><datafield ind1=" " ind2=" " tag="042"><subfield code="a">msc</subfield></datafield><datafield ind1="0" ind2="4" tag="245"><subfield code="a">The Arnold rocket.</subfield></datafield><datafield ind1=" " ind2=" " tag="260"><subfield code="a">[Festus] Jefferson County, Mo. :</subfield><subfield code="b">Jefferson County Newspapers,</subfield><subfield code="c">1981-1984.</subfield></datafield><datafield ind1=" " ind2=" " tag="300"><subfield code="a">v.</subfield></datafield><datafield ind1=" " ind2=" " tag="310"><subfield code="a">Weekly</subfield></datafield><datafield ind1="0" ind2=" " tag="362"><subfield code="a">Vol. 20, issue #6 (Jan. 7, 1981)-v. 23, issue #13 (Feb. 22, 1984).</subfield></datafield><datafield ind1=" " ind2="0" tag="651"><subfield code="a">Arnold (Mo.)</subfield><subfield code="v">Newspapers.</subfield></datafield><datafield ind1=" " ind2="7" tag="655"><subfield code="a">Newspapers.</subfield><subfield code="2">fast</subfield><subfield code="0">(OCoLC)fst01423814</subfield></datafield><datafield ind1=" " ind2="7" tag="651"><subfield code="a">Missouri</subfield><subfield code="z">Arnold.</subfield><subfield code="2">fast</subfield><subfield code="0">(OCoLC)fst01205841</subfield></datafield><datafield ind1=" " ind2=" " tag="752"><subfield code="a">United States</subfield><subfield code="b">Missouri</subfield><subfield code="c">Jefferson</subfield><subfield code="d">Arnold.</subfield></datafield><datafield ind1=" " ind2=" " tag="752"><subfield code="a">United States</subfield><subfield code="b">Missouri</subfield><subfield code="c">Jefferson</subfield><subfield code="d">Festus.</subfield></datafield><datafield ind1="0" ind2="0" tag="780"><subfield code="t">Rocket (Festus, Mo. : North ed.)</subfield><subfield code="w">(DLC)sn 93060443</subfield></datafield><datafield ind1="0" ind2="0" tag="785"><subfield code="t">Democrat-rocket (North ed.)</subfield></datafield></record>